<record><leader>00000cas a2200000 a 4500</leader><controlfield tag="001">34429000</controlfield><controlfield tag="007">hd afu---baca</controlfield><controlfield tag="008">960321d18671883iauwr nea     0    0eng d</controlfield><datafield ind1=" " ind2=" " tag="010"><subfield code="a">sn 96080098 </subfield></datafield><datafield ind1=" " ind2=" " tag="040"><subfield code="a">NVG</subfield><subfield code="b">eng</subfield><subfield code="c">NVG</subfield><subfield code="d">OCL</subfield><subfield code="d">OCLCQ</subfield></datafield><datafield ind1=" " ind2=" " tag="042"><subfield code="a">msc</subfield></datafield><datafield ind1=" " ind2=" " tag="043"><subfield code="a">n-us-ia</subfield></datafield><datafield ind1="0" ind2="0" tag="245"><subfield code="a">Council Bluffs weekly nonpareil</subfield><subfield code="h">[microform].</subfield></datafield><datafield ind1="1" ind2=" " tag="246"><subfield code="i">Published as:</subfield><subfield code="a">Weekly nonpareil,</subfield><subfield code="f">June 5-26, 1869 and Dec. 2, 1870</subfield></datafield><datafield ind1="1" ind2=" " tag="246"><subfield code="i">Published as:</subfield><subfield code="a">Council Bluffs nonpareil,</subfield><subfield code="f">&lt;1876&gt;</subfield></datafield><datafield ind1=" " ind2=" " tag="260"><subfield code="a">Council Bluffs, Iowa :</subfield><subfield code="b">Maynard &amp; Chapman,</subfield><subfield code="c">1867-1883.</subfield></datafield><datafield ind1=" " ind2=" " tag="300"><subfield code="a">17 v. :</subfield><subfield code="b">ill. (chiefly adv.) ;</subfield><subfield code="c">63 cm.</subfield></datafield><datafield ind1=" " ind2=" " tag="310"><subfield code="a">Weekly</subfield></datafield><datafield ind1="0" ind2=" " tag="362"><subfield code="a">Vol. 11, no. 1 (Feb. 23, 1867)-v. 27, no. 39 (Sept. 27, 1883).</subfield></datafield><datafield ind1=" " ind2=" " tag="580"><subfield code="a">Triweekly ed.: Council Bluffs nonpareil (Council Bluffs, Iowa : 1865) (non-extant), 1867-1868.</subfield></datafield><datafield ind1=" " ind2=" " tag="580"><subfield code="a">Daily eds.: Daily nonpareil (Council Bluffs, Iowa : 1862), 1867-1873; Council Bluffs daily nonpareil (Council Bluffs, Iowa : 1873), 1873-1881; Daily nonpareil (Council Bluffs, Iowa : 1881), 1881-1883.</subfield></datafield><datafield ind1=" " ind2=" " tag="533"><subfield code="a">Microfilm.</subfield><subfield code="b">New York City :</subfield><subfield code="c">Recordak Corp.</subfield><subfield code="e">microfilm reels ; 35 mm.</subfield></datafield><datafield ind1=" " ind2=" " tag="752"><subfield code="a">United States</subfield><subfield code="b">Iowa</subfield><subfield code="c">Pottawattamie</subfield><subfield code="d">Council Bluffs.</subfield></datafield><datafield ind1="1" ind2=" " tag="775"><subfield code="t">Council Bluffs nonpareil (Council Bluffs, Iowa : 1865)</subfield></datafield><datafield ind1="1" ind2=" " tag="775"><subfield code="t">Daily nonpareil (Council Bluffs, Iowa : 1862)</subfield><subfield code="w">(DLC)sn 96080099</subfield></datafield><datafield ind1="1" ind2=" " tag="775"><subfield code="t">Council Bluffs daily nonpareil (Council Bluffs, Iowa : 1873)</subfield></datafield><datafield ind1="1" ind2=" " tag="775"><subfield code="t">Daily nonpareil (Council Bluffs, Iowa : 1881)</subfield></datafield><datafield ind1="1" ind2=" " tag="776"><subfield code="c">Original</subfield><subfield code="w">(DLC)sn 85049846</subfield></datafield><datafield ind1="0" ind2="0" tag="780"><subfield code="t">Council Bluffs nonpareil (Council Bluffs, Iowa : 1857)</subfield><subfield code="w">(DLC)sn 96080097</subfield></datafield><datafield ind1="0" ind2="0" tag="785"><subfield code="t">Weekly nonpareil</subfield></datafield><datafield ind1="1" ind2=" " tag="029"><subfield code="a">AU@</subfield><subfield code="b">000012446557</subfield></datafield></record>